% This file was created with Citavi 6.7.0.0

